 
% ksiazka
@Book{bib:ksiazka,
  Title                    = {Tytuł książki},
  Author                   = {Imię Nazwisko and Nazwisko, Imię and Imię Nazwisko},
  Publisher                = {Wydawnictwo},
  Year                     = {2017},
  Address                  = {Warszawa},
  ISBN                     = {83-204-3229-9-434}
}

% artykul w czasopismie
@Article{bib:artykul,
  Title                    = {Tytuł artykułu w czasopiśmie},
  Author                   = {Imię Nazwisko and Nazwisko, Imię and Imię Nazwisko},
  Journal                  = {Tytuł czasopisma},
  Year                     = {2016},
  Number                   = {8},
  Pages                    = {1092--1113},
  Volume                   = {157}
}

% artykul konferencyjny
@InProceedings{bib:konferencja,
  Title                    = {Tytuł artykułu konferencyjnego},
  Author                   = {Imię Nazwisko and Nazwisko, Imię and Imię Nazwisko},
  Booktitle                = {Nazwa konferecji},
  Year                     = {2006}, 
  Pages                    = {5346--5349}
}
 
% zrodlo internetowe
@online{bib:internet,
  author                   = {Imię Nazwisko and Nazwisko, Imię},
  title                    = {Tytuł strony internetowej},
  year                     = {2021}, 
  url                      = {http://gdzies/w/internecie/internet.html},
  urldate                  = {2021-09-30}
}

% ============ Moja bibliografia ============

% zrodlo internetowe
@online{bib:tobii-main,
  author                   = {Tobii},
  title                    = {Psychology and neuroscience use cases},
  year                     = {2025}, 
  url                      = {https://www.tobii.com/products/eye-trackers/screen-based/psychology-neuroscience-use-cases},
  urldate                  = {2025-01-09}
}

% zrodlo internetowe
@online{bib:tobii-parkinson,
  author                   = {Ieva Miseviciute},
  title                    = {How does Parkinson's disease alter visual search?},
  year                     = {2025}, 
  url                      = {https://www.tobii.com/resource-center/scientific-publications/how-does-parkinsons-disease-alter-visual-search},
  urldate                  = {2025-01-09}
}

% zrodlo internetowe
@online{bib:tobii-alzheimer,
  author                   = {Ieva Miseviciute},
  title                    = {4 methods to assess Alzheimer's with eye tracking},
  year                     = {2025}, 
  url                      = {https://www.tobii.com/resource-center/learn-articles/4-methods-to-assess-alzheimers-with-eye-tracking},
  urldate                  = {2025-01-09}
}

% zrodlo internetowe
@online{bib:tobii-autyzm,
  author                   = {Tobii},
  title                    = {Eye tracking in neurology and psychiatry research},
  year                     = {2025}, 
  url                      = {https://www.tobii.com/resource-center/reports-and-papers/eye-tracking-neurology-and-psychiatry-research},
  urldate                  = {2025-01-09}
}

% zrodlo internetowe
@online{bib:Diagnostyka-oczoplas,
  author                   = {Redakcja Diagnostyki},
  title                    = {Oczopląs - co może oznaczać? Jakie badania warto wykonać?},
  year                     = {2023}, 
  url                      = {https://diag.pl/pacjent/artykuly/oczoplas-co-moze-oznaczac-jakie-badania-warto-wykonac/#2-O-czym-swiadczy-oczoplas},
  urldate                  = {2025-01-10}
}

% ksiazka
@Book{bib:eye-tracking-methodology,
  Title                    = {Eye Tracking Methodology: Theory and Practice},
  Author                   = {Andrew Duchowski},
  Publisher                = {Springer},
  Year                     = {2007},
  Address                  = {Londyn},
  ISBN                     = {978-1-84628-609-4}
}